<record><leader>01671nkm a2200313 i 4500</leader><controlfield tag="001">9939647808307636</controlfield><controlfield tag="006">m     o  z        </controlfield><controlfield tag="007">cr#|n#---|||||</controlfield><controlfield tag="008">221125e19721111xx#nnn########o###knzxx#d</controlfield><datafield ind1=" " ind2=" " tag="035"><subfield code="a">IE5605815</subfield></datafield><datafield ind1=" " ind2=" " tag="040"><subfield code="a">VSL</subfield><subfield code="b">eng</subfield><subfield code="e">rda</subfield><subfield code="c">VSL</subfield></datafield><datafield ind1=" " ind2=" " tag="042"><subfield code="a">anuc</subfield></datafield><datafield ind1=" " ind2=" " tag="043"><subfield code="a">u-at---</subfield></datafield><datafield ind1="1" ind2=" " tag="100"><subfield code="a">Collins, John T.,</subfield><subfield code="d">1907-2001,</subfield><subfield code="e">photographer.</subfield></datafield><datafield ind1="1" ind2="0" tag="245"><subfield code="a">Swan Hill Pioneer Settlement</subfield></datafield><datafield ind1=" " ind2=" " tag="260"><subfield code="c">[Nov. 11, 1972]</subfield></datafield><datafield ind1=" " ind2=" " tag="300"><subfield code="a">1 digital file</subfield></datafield><datafield ind1=" " ind2=" " tag="336"><subfield code="a">still image</subfield><subfield code="b">sti</subfield><subfield code="2">rdacontent</subfield></datafield><datafield ind1=" " ind2=" " tag="337"><subfield code="a">computer</subfield><subfield code="b">c</subfield><subfield code="2">rdamedia</subfield></datafield><datafield ind1=" " ind2=" " tag="338"><subfield code="a">online resource</subfield><subfield code="b">cr</subfield><subfield code="2">rdacarrier</subfield></datafield><datafield ind1=" " ind2=" " tag="520"><subfield code="a">Includes a log cottage, house using drop log construction, hairdresser and blacksmith, P. S. Pyap, log hut and Touanimmie homestead.</subfield></datafield><datafield ind1=" " ind2=" " tag="540"><subfield code="a">Use of this work allowed provided the creator and SLV acknowledged.</subfield></datafield><datafield ind1=" " ind2=" " tag="542"><subfield code="l">This work is in copyright</subfield><subfield code="d">Copyright has been assigned to the State Library of Victoria</subfield></datafield><datafield ind1=" " ind2="7" tag="655"><subfield code="a">Gelatin silver prints.</subfield><subfield code="2">gmgpc</subfield></datafield><datafield ind1=" " ind2="0" tag="830"><subfield code="a">J.T. Collins collection.  Photographs.</subfield><subfield code="5">AuMS</subfield></datafield><datafield ind1=" " ind2=" " tag="950"><subfield code="a">Photographs</subfield><subfield code="b">StillImage</subfield><subfield code="c">image/tiff</subfield><subfield code="d">1</subfield><subfield code="f">1972-11-11</subfield><subfield code="l">Swan Hill Pioneer Settlement</subfield><subfield code="m">Includes a log cottage, house using drop log construction, hairdresser and blacksmith, P. S. Pyap, log hut and Touanimmie homestead.</subfield><subfield code="n">[Nov. 11, 1972]</subfield><subfield code="o">6 photographs : gelatin silver ; 12.5 x 8.8 cm. approx.</subfield><subfield code="p">9916783623607636</subfield><subfield code="q">Swan Hill Pioneer Settlement</subfield><subfield code="r">Includes a log cottage, house using drop log construction, hairdresser and blacksmith, P. S. Pyap, log hut and Touanimmie homestead.</subfield></datafield><datafield ind1=" " ind2=" " tag="956"><subfield code="a">10381/4123513</subfield><subfield code="b">MANY</subfield><subfield code="e">IE5605815</subfield><subfield code="f">9939647808307636</subfield><subfield code="g">Digitised</subfield><subfield code="h">slvdb</subfield><subfield code="i">AVAILABLE</subfield><subfield code="j">SIP3090</subfield><subfield code="k">jc016221</subfield></datafield><datafield ind1=" " ind2=" " tag="960"><subfield code="p">EP;2024-01</subfield></datafield><datafield ind1=" " ind2=" " tag="960"><subfield code="p">SBO;2023-08</subfield></datafield></record>